@string{SP="IEEE Security and Privacy Magazine"}
@string{CODASPY="ACM Conference on Data and Application Security and Privacy"}
@string{ATC="Usenix Annual Technical Conference"}
@string{CSUR="ACM Computing Surveys"}
@string{RTSS="Real-Time Systems Symposium"}
@string{arXiv="arXiv Technical Report"}
@string{LangSec="Language-theoretic Security IEEE Security and Privacy Workshop"}
@string{CCS="ACM Conference on Computer and Communication Security"}
@string{IOTSP="Workshop on the Internet of Things Security and Privacy"}
@string{NDSS="Network and Distributed System Security Symposium"}
@string{ISPASS="International Symposium on Performance Analysis of Systems and Software"}
@string{CCC="Chaos Communication Congress"}
@string{NSPW="New Security Paradigms Workshop"}
@string{BHEU="BlackHat Europe"}
@string{TR="Technical Report"}
@string{PLDI="ACM International Conference on Programming Language Design and Implementation"}
@string{EuroSP="IEEE European Symposium on Security and Privacy"}
@string{SS3P="Open Textbook"}
@string{DIMVA="Conference on Detection of Intrusions and Malware and Vulnerability Assessment"}
@string{ISMM="ACM SIGPLAN International Symposium on Memory Management"}
@string{ESSoS="Int'l. Symp. on Eng. Secure Software and Systems"}
@string{SEC="Usenix Security Symposium"}
@string{IMC="ACM Internet Measurement Conference"}
@string{TSE="IEEE Transactions on Software Engineering"}
@string{CC="International Conference on Compiler Construction"}
@string{STM="International Workshop on Security and Trust Management"}
@string{ArmsRace="The Continuing Arms Race"}
@string{TRB="Transportation Research Board"}
@string{FEAST="Forming an Ecosystem Around Software Transformation"}
@string{DSN="IEEE/IFIP International Conference on Dependable Systems and Networks"}
@string{SyScan360="Symposium on Security for Asia Network + 360"}
@string{BalCCon="Balkan Computer Congress"}
@string{DSAL="AOSD workshop on Domain-Specific Aspect Languages"}
@string{ESORICS="European Symposium on Research in Computer Security"}
@string{WOOT="Usenix Workshop on Offensive Technologies"}
@string{TIFS="IEEE Transactions on Information Forensics and Security"}
@string{HotSWUp="Usenix Workshop on Hot Topics in Software Upgrades"}
@string{AsiaCCS="ACM Symp. on InformAtion, Computer and Communications Security"}
@string{AMAS-BT="Workshop on Architectural and Microarchitectural Support for Binary Translation"}
@string{PPREW="Program Protection and Reverse Engineering Workshop"}
@string{SYSTOR="ACM International Systems and Storage Conference"}
@string{VEE="ACM International Conference on Virtual Execution Environments"}
@string{OSDI="Usenix Symposium on Operating Systems Design and Implementation"}
@string{Oakland="IEEE International Symposium on Security and Privacy"}
@string{PST="IEEE Conference on Privacy, Security, and Trust"}

@inproceedings{dinesh20oakland,
  author = {Sushant Dinesh and Nathan Burow and Dongyan Xu and Mathias Payer},
  title = {{RetroWrite: Statically Instrumenting COTS Binaries for Fuzzing and Sanitization}},
  year = {2020},
  booktitle = Oakland,
  keywords = {conference},
}
@misc{gitCommit,
  author = {HexHive},
  title = {Retrowrite},
  year = {2022},
  publisher = {GitHub},
  journal = {GitHub repository},
  howpublished = {\url{https://github.com/HexHive/retrowrite}},
  commit = {d83bfef40e77697edd243c8b25f5929205da9c63 }
}
@misc{bitcoind,
  author = {bitcoin},
  title = {bitcoin},
  year = {2022},
  publisher = {GitHub},
  journal = {GitHub repository},
  howpublished = {\url{https://github.com/bitcoin/bitcoin}}
}
@misc{fish,
  author = {fish-shell},
  title = {fish-shell},
  year = {2022},
  publisher = {GitHub},
  journal = {GitHub repository},
  howpublished = {\url{https://github.com/fish-shell/fish-shell}}
}
@misc{flameshot,
  author = {flameshot-org},
  title = {flameshot},
  year = {2022},
  publisher = {GitHub},
  journal = {GitHub repository},
  howpublished = {\url{https://github.com/flameshot-org/flameshot}}
}
@misc{repo,
  author = {Hassan Habib},
  title = {debian docker},
  year = {2022},
  publisher = {GitHub},
  journal = {GitHub repository},
  howpublished = {\url{https://github.com/ha2san/debian_docker}}
}
@article{merkel2014docker,
  title={Docker: lightweight linux containers for consistent development and deployment},
  author={Merkel, Dirk},
  journal={Linux journal},
  volume={2014},
  number={239},
  pages={2},
  year={2014}
}
@manual{ldd,
 title      = "ldd(1) Linux User's Manual",
 %author        = "",
 %organization  = "",
 %address   = "",
 %edition   = "",
 year       = "2021",
 month      = "August",
 %note      = "",
}
@manual{apt,
 title      = "apt(8) Linux User's Manual",
 author        = "APT team",
 %organization  = "",
 %address   = "",
 %edition   = "",
 year       = "2019",
 month      = "January",
 %note      = "",
}
@misc{sourcePackage,
  title = {Debian Popularity Contest},
  howpublished = {\url{https://popcon.debian.org}},
  note = {Accessed: 2022-06-01}
}
@inproceedings {ASan,
author = {Konstantin Serebryany and Derek Bruening and Alexander Potapenko and Dmitriy Vyukov},
title = {{AddressSanitizer}: A Fast Address Sanity Checker},
booktitle = {2012 USENIX Annual Technical Conference (USENIX ATC 12)},
year = {2012},
isbn = {978-931971-93-5},
address = {Boston, MA},
pages = {309--318},
url = {https://www.usenix.org/conference/atc12/technical-sessions/presentation/serebryany},
publisher = {USENIX Association},
month = jun,
}
@misc{debian,
  title = {Updated Debian 11: 11.3 released},
  howpublished = {\url{https://www.debian.org/News/2022/20220326}},
  author = {Debian News},
  year = {2022},
  month = {March},
  note = {Accessed: 2022-06-01} 
}
